@article {ICD:ICD544,
author = {Kaplan, Frederic and Oudeyer, Pierre-Yves and Bergen, Benjamin},
title = {Computational models in the debate over language learnability},
journal = {Infant and Child Development},
volume = {17},
number = {1},
publisher = {John Wiley & Sons, Ltd.},
issn = {1522-7219},
url = {http://dx.doi.org/10.1002/icd.544},
doi = {10.1002/icd.544},
pages = {55--80},
keywords = {language acquisition, poverty of stimulus, generative models, statistical learning, embodiment, active learning, selection for learnability},
year = {2008},
}
