@Article{naigles,
author = {Latitia Naigles},
title = {Children use syntax to learn verb meanings},
journal = {Journal of Child Language},
year = {1990},
OPTvolume = {17},
OPTnumber = {02},
OPTpages = {357-374}
}

@techreport{fhanimation,
    author    = "Sarah J. White, Devorah Coniston, Rosannagh Rogers and Uta Frith",
    title     = "Developing the Frith-HappeÂ´ Animations: A Quick and Objective Test
	of Theory of Mind for Adults with Autism",
    institution = "Instute of Cognitive Neuroscience",
    number   = "149-154",
    year      = "2011"
}
@article{ heider,
author = "Fritz Heider and Marinne Simmel",
title = "An Experimental study of Apparant behaviour",
journal = "",
year = "1940"
}

@inproceedings{Rabiner89atutorial,
    author = {Lawrence R. Rabiner},
    title = {A tutorial on hidden markov models and selected applications in speech recognition},
    booktitle = {Proceedings of the IEEE},
    year = {1989},
    pages = {257--286}
}


@conference{neema-mukerjee-10_discovering-concept-of-anaphora,
  title={Discovering the concept of anaphora from grounded verb models},
  author={Neema, K. and Mukerjee, A.},
  booktitle={Development and Learning (ICDL), 2010 IEEE 9th International Conference on},
  pages={305--310},
  organization={IEEE}
}

@conference{satish-mukerjee-2008icdl,
  title={Acquiring linguistic argument structure from multimodal input using attentive focus},
  author={Satish, G. and Mukerjee, A.},
  booktitle={7th IEEE International Conference on Development and Learning (ICDL 2008)},
  pages={43--48},
  year={2008}
}
@conference{kerr-cohen-08_wubble-world-lang-acquisition,
  title={Learning and playing in wubble world},
  author={Kerr, W. and Cohen, P. and Chang, Y.H.},
  booktitle={Proceedings of the Fourth Artificial Intelligence for
	Interactive Digital Entertainment Conference (AIIDE)},
  year={2008}
}

@article{pami-Ben-ArieWPR02,
  author    = {Jezekiel Ben-Arie and
               Zhiqian Wang and
               Purvin Pandit and
               ShyamSundar Rajaram},
  title     = {Human Activity Recognition Using Multidimensional Indexing},
  journal   = {IEEE Trans. Pattern Anal. Mach. Intell.},
  volume    = {24},
  number    = {8},
  year      = {2002},
  pages     = {1091-1104},
  ee        = {http://doi.ieeecomputersociety.org/10.1109/TPAMI.2002.1023805},
  bibsource = {DBLP, http://dblp.uni-trier.de}
}


@inproceedings{TapiaIL04,
  author    = {Emmanuel Munguia Tapia and
               Stephen S. Intille and
               Kent Larson},
  title     = {Activity Recognition in the Home Using Simple and Ubiquitous
               Sensors},
  booktitle = {Pervasive},
  year      = {2004},
  pages     = {158-175},
  ee        = {http://dx.doi.org/10.1007/978-3-540-24646-6_10},
  crossref  = {DBLP:conf/pervasive/2004},
  bibsource = {DBLP, http://dblp.uni-trier.de}
}

@inproceedings{VailVL07,
  author    = {Douglas L. Vail and
               Manuela M. Veloso and
               John D. Lafferty},
  title     = {Conditional random fields for activity recognition},
  booktitle = {AAMAS},
  year      = {2007},
  pages     = {235},
  ee        = {http://doi.acm.org/10.1145/1329125.1329409},
  crossref  = {DBLP:conf/atal/2007},
  bibsource = {DBLP, http://dblp.uni-trier.de}
}

@article{JacksonBP05,
  author    = {Bennett Jackson and
               Robert Bodor and
               Nikolaos Papanikolopoulos},
  title     = {Vision-Based Human Traking and activity recognition},
  journal   = {Advanced Robotics},
  volume    = {19},
  number    = {10},
  year      = {2005},
  pages     = {1043-1058},
  ee        = {http://dx.doi.org/10.1163/156855305774662190},
  bibsource = {DBLP, http://dblp.uni-trier.de}
}
@inproceedings{Branavan:2009:RLM:1687878.1687892,
    author = {Branavan, S. R. K. and Chen, Harr and Zettlemoyer, Luke S. and Barzilay, Regina},
    title = {Reinforcement learning for mapping instructions to actions},
    booktitle = {Proceedings of the Joint Conference of the 47th Annual Meeting of the ACL and the 4th International Joint Conference on Natural Language Processing of the AFNLP: Volume 1 - Volume 1},
    series = {ACL '09},
    year = {2009},
    isbn = {978-1-932432-45-9},
    location = {Suntec, Singapore},
    pages = {82--90},
    numpages = {9},
    url = {http://dl.acm.org/citation.cfm?id=1687878.1687892},
    acmid = {1687892},
    publisher = {Association for Computational Linguistics},
    address = {Stroudsburg, PA, USA}
}

@article {ICDICD544,
author = {Kaplan, Frederic and Oudeyer, Pierre-Yves and Bergen, Benjamin},
title = {Computational models in the debate over language learnability},
journal = {Infant and Child Development},
volume = {17},
number = {1},
publisher = {John Wiley & Sons, Ltd.},
issn = {1522-7219},
url = {http://dx.doi.org/10.1002/icd.544},
doi = {10.1002/icd.544},
pages = {55--80},
keywords = {language acquisition, poverty of stimulus, generative models, statistical learning, embodiment, active learning, selection for learnability},
year = {2008}
}

@misc { EngJapChi,
author = "Mutsumi Imai Etsuko Haryu Hiroyuki Okada Li Lianjing Jun Shigematsu",
title = "Revisiting the Noun-Verb Debate: A Cross-Linguistic Comparison of Novel Noun and Verb Learning in English-, Japanese-, and Chinese-Speaking Children",
publisher = "Oxford University Press",
address = "",
url="http://www.oxfordscholarship.com/10.1093/acprof:oso/9780195170009.001.0001/acprof-9780195170009-chapter-18"
}
