@Article{naigles,
author = {Latitia Naigles},
title = {Children use syntax to learn verb meanings},
journal = {Journal of Child Language},
year = {1990},
OPTvolume = {17},
OPTnumber = {02},
OPTpages = {357-374},
}
@techreport{fhanimation,
    author    = "Sarah J. White, Devorah Coniston, Rosannagh Rogers, and Uta Frith",
    title     = "Developing the Frith-HappeÂ´ Animations: A Quick and Objective Test
	of Theory of Mind for Adults with Autism",
    institution = "Instute of Cognitive Neuroscience",
    %type     = "", 
    number   = "149-154",
    %address  = "",
    year      = "2011",
    %month    = "",
    %note     = "",
}
@article{ heider,
author = "Fritz Heider and Marinne Simmel",
title = "An Experimental study of Apparant behaviour",
journal = "",
year = "1940",
}

@inproceedings{Rabiner89atutorial,
    author = {Lawrence R. Rabiner},
    title = {A tutorial on hidden markov models and selected applications in speech recognition},
    booktitle = {Proceedings of the IEEE},
    year = {1989},
    pages = {257--286}
}


@conference{neema-mukerjee-10_discovering-concept-of-anaphora,
  title={Discovering the concept of anaphora from grounded verb models},
  author={Neema, K. and Mukerjee, A.},
  booktitle={Development and Learning (ICDL), 2010 IEEE 9th International Conference on},
  pages={305--310},
  organization={IEEE}
}

@conference{satish-mukerjee-2008icdl,
  title={Acquiring linguistic argument structure from multimodal input using attentive focus},
  author={Satish, G. and Mukerjee, A.},
  booktitle={7th IEEE International Conference on Development and Learning (ICDL 2008)},
  pages={43--48},
  year={2008}
}
@conference{kerr-cohen-08_wubble-world-lang-acquisition,
  title={Learning and playing in wubble world},
  author={Kerr, W. and Cohen, P. and Chang, Y.H.},
  booktitle={Proceedings of the Fourth Artificial Intelligence for
	Interactive Digital Entertainment Conference (AIIDE)},
  year={2008},
}

@article{pami-Ben-ArieWPR02,
  author    = {Jezekiel Ben-Arie and
               Zhiqian Wang and
               Purvin Pandit and
               ShyamSundar Rajaram},
  title     = {Human Activity Recognition Using Multidimensional Indexing},
  journal   = {IEEE Trans. Pattern Anal. Mach. Intell.},
  volume    = {24},
  number    = {8},
  year      = {2002},
  pages     = {1091-1104},
  ee        = {http://doi.ieeecomputersociety.org/10.1109/TPAMI.2002.1023805},
  bibsource = {DBLP, http://dblp.uni-trier.de}
}


@inproceedings{TapiaIL04,
  author    = {Emmanuel Munguia Tapia and
               Stephen S. Intille and
               Kent Larson},
  title     = {Activity Recognition in the Home Using Simple and Ubiquitous
               Sensors},
  booktitle = {Pervasive},
  year      = {2004},
  pages     = {158-175},
  ee        = {http://dx.doi.org/10.1007/978-3-540-24646-6_10},
  crossref  = {DBLP:conf/pervasive/2004},
  bibsource = {DBLP, http://dblp.uni-trier.de}
}

@inproceedings{VailVL07,
  author    = {Douglas L. Vail and
               Manuela M. Veloso and
               John D. Lafferty},
  title     = {Conditional random fields for activity recognition},
  booktitle = {AAMAS},
  year      = {2007},
  pages     = {235},
  ee        = {http://doi.acm.org/10.1145/1329125.1329409},
  crossref  = {DBLP:conf/atal/2007},
  bibsource = {DBLP, http://dblp.uni-trier.de}
}

@article{JacksonBP05,
  author    = {Bennett Jackson and
               Robert Bodor and
               Nikolaos Papanikolopoulos},
  title     = {Vision-Based Human Traking and activity recognition},
  journal   = {Advanced Robotics},
  volume    = {19},
  number    = {10},
  year      = {2005},
  pages     = {1043-1058},
  ee        = {http://dx.doi.org/10.1163/156855305774662190},
  bibsource = {DBLP, http://dblp.uni-trier.de}
}