@article{mainpaper,
  author    = {Tie Liu and
               Zejian Yuan and
               Jian Sun and
               Jingdong Wang and
               Nanning Zheng and
               Xiaoou Tang and
               Heung-Yeung Shum},
  title     = {Learning to Detect a Salient Object},
  journal   = {IEEE Trans. Pattern Anal. Mach. Intell.},
  year      = {2011},
}

@article{ittisaliency,
  author    = {Laurent Itti and
               Christof Koch and
               Ernst Niebur},
  title     = {A Model of Saliency-Based Visual Attention for Rapid Scene
               Analysis},
  journal   = {IEEE Trans. Pattern Anal. Mach. Intell.},
  volume    = {20},
  number    = {11},
  year      = {1998},
  pages     = {1254-1259},
  ee        = {http://doi.ieeecomputersociety.org/10.1109/34.730558},
  bibsource = {DBLP, http://dblp.uni-trier.de}
}

@inproceedings{integralhistogram,
  author    = {Fatih Murat Porikli},
  title     = {Integral Histogram: A Fast Way To Extract Histograms in
               Cartesian Spaces},
  booktitle = {CVPR (1)},
  year      = {2005},
  pages     = {829-836},
  ee        = {http://dx.doi.org/10.1109/CVPR.2005.188},
  crossref  = {DBLP:conf/cvpr/2005},
  bibsource = {DBLP, http://dblp.uni-trier.de}
}

@article{patternrecognition,
  author    = {Christopher M. Bishop and
               Nasser M. Nasrabadi},
  title     = {{\it Pattern Recognition and Machine Learning}},
  journal   = {J. Electronic Imaging},
  volume    = {16},
  number    = {4},
  year      = {2007},
  pages     = {049901},
  ee        = {http://dx.doi.org/10.1117/1.2819119},
  bibsource = {DBLP, http://dblp.uni-trier.de}
}


@inproceedings{crflearning,
  author    = {St{\'e}phane Nicolas and
               J. Dardenne and
               Thierry Paquet and
               Laurent Heutte},
  title     = {Document Image Segmentation Using a 2D Conditional Random
               Field Model},
  booktitle = {ICDAR},
  year      = {2007},
  pages     = {407-411},
  ee        = {http://doi.ieeecomputersociety.org/10.1109/ICDAR.2007.102},
  crossref  = {DBLP:conf/icdar/2007},
  bibsource = {DBLP, http://dblp.uni-trier.de}
}